<record><leader>00000cas a22000007a 4500</leader><controlfield tag="001">297107435</controlfield><controlfield tag="008">090105d18621863inu x ne      0    0eng d</controlfield><datafield ind1=" " ind2=" " tag="010"><subfield code="a">sn2008060806</subfield></datafield><datafield ind1=" " ind2=" " tag="040"><subfield code="a">NPI</subfield><subfield code="b">eng</subfield><subfield code="c">NPI</subfield><subfield code="d">NPI</subfield><subfield code="d">OCLCQ</subfield><subfield code="d">OCLCF</subfield><subfield code="d">OCLCO</subfield></datafield><datafield ind1=" " ind2=" " tag="042"><subfield code="a">msc</subfield></datafield><datafield ind1=" " ind2=" " tag="043"><subfield code="a">n-us-in</subfield></datafield><datafield ind1="0" ind2="4" tag="245"><subfield code="a">The oxfordite.</subfield></datafield><datafield ind1=" " ind2=" " tag="260"><subfield code="a">Oxford, Ind. :</subfield><subfield code="b">S.F. Carter,</subfield><subfield code="c">1862-1863.</subfield></datafield><datafield ind1=" " ind2=" " tag="300"><subfield code="a">1 v. ;</subfield><subfield code="c">27 cm.</subfield></datafield><datafield ind1=" " ind2=" " tag="310"><subfield code="a">Irregular,</subfield><subfield code="b">Apr. 11, 1863-Aug. 26, 1863</subfield></datafield><datafield ind1=" " ind2=" " tag="321"><subfield code="a">Weekly,</subfield><subfield code="b">Dec. 27, 1862-Apr. 4, 1863</subfield></datafield><datafield ind1="1" ind2=" " tag="362"><subfield code="a">Began with vol. 1, no. 1 (Dec. 27, 1862); ceased with vol. 1, no. 30 (Aug. 26, 1863).</subfield></datafield><datafield ind1=" " ind2=" " tag="588"><subfield code="a">Final issue consulted.</subfield></datafield><datafield ind1=" " ind2=" " tag="588"><subfield code="a">Description based on first issue.</subfield></datafield><datafield ind1=" " ind2="0" tag="651"><subfield code="a">Oxford (Ind.)</subfield><subfield code="v">Newspapers.</subfield></datafield><datafield ind1=" " ind2="0" tag="651"><subfield code="a">Benton County (Ind.)</subfield><subfield code="v">Newspapers.</subfield></datafield><datafield ind1=" " ind2="7" tag="655"><subfield code="a">Newspapers.</subfield><subfield code="2">fast</subfield><subfield code="0">(OCoLC)fst01423814</subfield></datafield><datafield ind1=" " ind2="7" tag="651"><subfield code="a">Indiana</subfield><subfield code="z">Benton County.</subfield><subfield code="2">fast</subfield><subfield code="0">(OCoLC)fst01230178</subfield></datafield><datafield ind1=" " ind2="7" tag="651"><subfield code="a">Indiana</subfield><subfield code="z">Oxford.</subfield><subfield code="2">fast</subfield><subfield code="0">(OCoLC)fst01230988</subfield></datafield><datafield ind1=" " ind2=" " tag="752"><subfield code="a">United States</subfield><subfield code="b">Indiana</subfield><subfield code="c">Benton</subfield><subfield code="d">Oxford.</subfield></datafield><datafield ind1="0" ind2="0" tag="785"><subfield code="t">Benton register</subfield><subfield code="w">(DLC)sn2008060807</subfield></datafield></record>